<?xml version="1.0" encoding="UTF-8"?><collection xmlns="http://www.loc.gov/MARC21/slim"><record><leader>00544nam--2200193-u-4500</leader><controlfield tag="001">000052329</controlfield><controlfield tag="002">20161230</controlfield><controlfield tag="005">20161230201050</controlfield><controlfield tag="008">100618s1000------------r-----000-0-rus-d</controlfield><datafield ind1=" " ind2=" " tag="040"><subfield code="a">IFIN-HH</subfield></datafield><datafield ind1=" " ind2=" " tag="041"><subfield code="a">rus</subfield></datafield><datafield ind1=" " ind2=" " tag="080"><subfield code="a">519.2</subfield></datafield><datafield ind1="1" ind2=" " tag="100"><subfield code="a">Grisin, V.K</subfield></datafield><datafield ind1="1" ind2="0" tag="245"><subfield code="a">Metematiceskaia obrabotka i interpretatiia fiziceskogo eksperimenta</subfield><subfield code="c">V.K. Grisin ; F.A. Jivopiscev ; V.A. Ivanov</subfield></datafield><datafield ind1=" " ind2=" " tag="260"><subfield code="a">Moskva</subfield><subfield code="b">Moskovskogo Universiteta</subfield><subfield code="c">1988</subfield></datafield><datafield ind1=" " ind2=" " tag="300"><subfield code="a">318 p</subfield></datafield><datafield ind1="1" ind2=" " tag="700"><subfield code="a">Ivanov, V.A</subfield></datafield><datafield ind1=" " ind2=" " tag="852"><subfield code="a">78710</subfield><subfield code="c">519.2</subfield></datafield><datafield ind1=" " ind2=" " tag="CAT"><subfield code="a">Sys</subfield><subfield code="c">20100618</subfield><subfield code="h">121537</subfield></datafield></record></collection>